@misc{rfc3390,
author="M. Allman and S. Floyd and C. Partridge",
title="{Increasing TCP's Initial Window}",
series="Request for Comments",
number="3390",
howpublished="RFC 3390 (Proposed Standard)",
publisher="IETF",
organization="Internet Engineering Task Force",
year=2002,
month=oct,
url="http://www.ietf.org/rfc/rfc3390.txt",
}


@misc{rfc6928,
author="J. Chu and N. Dukkipati and Y. Cheng and M. Mathis",
title="{Increasing TCP's Initial Window}",
series="Request for Comments",
number="6928",
howpublished="RFC 6928 (Experimental)",
publisher="IETF",
organization="Internet Engineering Task Force",
year=2013,
month=apr,
url="http://www.ietf.org/rfc/rfc6928.txt",
}


@url{mininet,
title= {{Mininet} (http://mininet.org/)}
}

@article{36640,
title = {An Argument for Increasing TCP's Initial Congestion Window},
author  = {Nandita Dukkipati and Tiziana Refice and Yuchung Cheng and Jerry Chu and Tom Herbert and Amit Agarwal and Arvind Jain and Natalia Sutin},
year  = 2010,
URL = {http://ccr.sigcomm.org/drupal/?q=node/621},
journal = {ACM SIGCOMM Computer Communications Review},
pages = {27--33},
volume  = {40}
}

@misc{rfc5681,
  author="M. Allman and V. Paxson and E. Blanton",
  title="{TCP Congestion Control}",
  series="Request for Comments",
  number="5681",
  howpublished="{RFC 5681 (Draft Standard)}",
  publisher="IETF",
  organization="Internet Engineering Task Force",
  year=2009,
  month=sep,
    url="http://www.ietf.org/rfc/rfc5681.txt",
}

@misc{rfc2581,
  author="M. Allman and V. Paxson and W. Stevens",
  title="{TCP Congestion Control}",
  series="Request for Comments",
  number="2581",
  howpublished="RFC 2581 (Proposed Standard)",
  publisher="IETF",
  organization="Internet Engineering Task Force",
  year=1999,
  month=apr,
  note="Obsoleted by RFC 5681, updated by RFC 3390",
  url="http://www.ietf.org/rfc/rfc2581.txt",
}

@proceedings{opac-b1120676,
   title = "Emerging directions in embedded and ubiquitous computing : {EUC} 2006 Workshops : {NCUS}, SecUbiq, {USN}, {TRUST}, {ESO}, and {MSA}, Seoul, Korea, August 1-4, 2006 : proceedings",
   editor = "Xiaobo Zhou ... [et al.] (eds.)",
   series = "Lecture notes in computer science",
   publisher = "Springer",
   address = "Seoul, Korea",
   pages = {256},
   url = "http://opac.inria.fr/record=b1120676",
   isbn = "3-540-36850-7",
   note = "Held in conjunction with the IFIP International Conference on Embedded and Ubiquitous Computing, EUC 2006--Pref",
   year = 2006
}
